<?xml version="1.0" encoding="UTF-8"?>
<collection xmlns="http://www.loc.gov/MARC21/slim" xmlns:xsi="http://www.w3.org/2001/XMLSchema-instance" xmlns:marc="http://www.loc.gov/MARC21/slim" xsi:schemaLocation="http://www.loc.gov/MARC21/slim http://www.loc.gov/standards/marcxml/schema/MARC21slim.xsd">
   <record><marc:leader>00798cas a22002295  4500</marc:leader><marc:controlfield tag="001">2510441</marc:controlfield><marc:controlfield tag="005">20160128155046.0</marc:controlfield><marc:controlfield tag="008">760712u1uuuuuuuxx uu p       0    0eng u</marc:controlfield><marc:datafield tag="035" ind1=" " ind2=" "><marc:subfield code="a">(OCoLC)ocm02449118</marc:subfield></marc:datafield><marc:datafield tag="035" ind1=" " ind2=" "><marc:subfield code="a">Ulp   No.  5775000005</marc:subfield></marc:datafield><marc:datafield tag="035" ind1=" " ind2=" "><marc:subfield code="9">CLV0052TS</marc:subfield></marc:datafield><marc:datafield tag="040" ind1=" " ind2=" "><marc:subfield code="c">QPR</marc:subfield><marc:subfield code="d">OCL</marc:subfield><marc:subfield code="d">PUL</marc:subfield></marc:datafield><marc:datafield tag="245" ind1="0" ind2="0"><marc:subfield code="a">Niederrheinische musik-zeitung fur kunstfreunde und kunstler</marc:subfield></marc:datafield><marc:datafield tag="260" ind1=" " ind2=" "><marc:subfield code="a">[Cologne] :</marc:subfield><marc:subfield code="b">DuMont-Schauberg'schen,</marc:subfield><marc:subfield code="c">1853-1867.</marc:subfield></marc:datafield><marc:datafield tag="300" ind1=" " ind2=" "><marc:subfield code="a">15 v.</marc:subfield></marc:datafield><marc:datafield tag="500" ind1=" " ind2=" "><marc:subfield code="a">Editor; Ludwig Bischoff.</marc:subfield></marc:datafield><marc:datafield tag="530" ind1=" " ind2=" "><marc:subfield code="a">Also available in an electronic version.</marc:subfield></marc:datafield>
      
      
      
      
      
      
      
      
      
      
      
      
      
      
      
      
      
      
      
      
      
      
      
      
      
      
      
      
      
      
      
      
      
      
      
      
      
      
      
      
      
      
      
      
      
      
      
      
      
      
      
      
      
      
      
      
      
      
      
      
      
      
      
      
      
      
      
      
      
      
      
      
      
      
      
      
      
      
      
      
      
      
      
      
      
      
      
      
      
      
      
      
      
      
      
      
      
      
      
      
      
      
      
      
      
      
      
      
      
      
      
      
      
      
      
      
      
      
      
      
      
      
      
      
      
      
      
      
      
      
      
      
      
      
      
      
      
      
      
      
      
      
      
      
      
      
      
      
      
      
      
      
      
      
      
      
      
      
      
      
      
      
      
      
      
      
      
      
      
      
      
      
      
      
      
      
      
      
      
      
      
      
      
      
      
      
      
      
      
      
      
      
      
      
      
      
      
      
      
      
      
      
      
      
      
      
      
      
      
      
      
      
      
      
      
      
      
      
      
      
      
      
      
      
      
      
      
      
      
      
      
      
      
      
      
      
      
      
      
      
      
      
      
      
      
      
      
      
      
      
      
      
      
      
      
      
      
      
      
      
      
      
      
      
      
      
      
      
      
      
      
      
      
      
      
      
      
      
      
      
      
      
      
      
      
      
      
      
      
      
      
      
      
      
      
      
      
      
      
      
      
      
      
      
      
      
      
      
      
      
      
      
      
      
      
      
      
      
      
      
      
      
      
      
      
      
      
      
      
      
      
      
      
      
      
      
      
      
      
      
      
      
      
      
      
      
      
      
      
      
      
      
      
      
      
      
      
      
      
      
      
      
      
      
      
      
      
      
      
      
      
      
      
      
      
      
      
      
      
      
      
      
      
      
      
      
      
      
      
      
      
      
      
      
      
      
      
      
      
      
      
      
      
      
      
      
      
      
      
      
      
      
      
      
      
      
      
      
      
      
      
      
      
      
      
      
      
      
      
      
      
      
      
      
      
      
      
      
      
      
      
      
      
      
      
      
      
      
      
      
      
      
      
      
      
      
      
      
      
      
      
      
      
      
      
      
      
      
      
      
      
      
      
      
      
      
      
      
      
      
      
      
      
      
      
      
      
      
      
      
      
      
      
      
      
      
      
      
      
      
      
      
      
      
      
      
      
      
      
      
      
      
      
      
      
      
      
      
      
      
      
      
      
      
      
      
      
      
      
      
      
      
      
      
      
      
      
      
      
      
      
      
      
      
      
      
      
      
      
      
      
      
      
      
      
      
      
      
      
      
      
      
      
      
      
      
      
      
      
      
      
      
      
      
      
      
      
      
      
      
      
      
      
      
      
      
      
      
      
      
      
      
      
      
      
      
      
      
      
      
      
      
      
      
      
      
      
      
      
      
      
      
      
      
      
      
      
      
      <datafield tag="599" ind1=" " ind2=" "><subfield code="a">ark:/88435/2b88qf898</subfield><subfield code="b">bmtnabi_1858-06-19_01</subfield><subfield code="v">vol.6,no.25 1858-06-19</subfield></datafield>
      
      
      
      
      
      
      
      
      
      
      
      
      
      
      
      
      
      
      
      
      
      
      
      
      
      
      
      
      
      
      
      
      
      
      
      
      
      
      
      
      
      
      
      
      
      
      
      
      
      
      
      
      
      
      
      
      
      
      
      
      
      
      
      
      
      
      
      
      
      
      
      
      
      
      
      
      
      
      
      <marc:datafield tag="650" ind1=" " ind2="0"><marc:subfield code="a">Music</marc:subfield><marc:subfield code="y">19th century</marc:subfield><marc:subfield code="v">Periodicals.</marc:subfield></marc:datafield>
      <marc:datafield tag="700" ind1="1" ind2=" "><marc:subfield code="a">Bischoff, Ludwig,</marc:subfield><marc:subfield code="d">1794-1867.</marc:subfield></marc:datafield>
      <marc:datafield tag="856" ind1="4" ind2="1"><marc:subfield code="u">http://arks.princeton.edu/ark:/88435/1v53jz364</marc:subfield><marc:subfield code="z">Available online via the Blue Mountain Project</marc:subfield></marc:datafield>
      <marc:datafield tag="945" ind1=" " ind2=" "><marc:subfield code="a">SVL</marc:subfield><marc:subfield code="b">1</marc:subfield><marc:subfield code="c">ML5</marc:subfield><marc:subfield code="d">.N55</marc:subfield><marc:subfield code="e">7-13 jahrg.</marc:subfield></marc:datafield>
      <marc:datafield tag="911" ind1=" " ind2=" "><marc:subfield code="a">19990912</marc:subfield></marc:datafield>
   </record>
</collection>
